@Book{lamport:86,
  author =    {Leslie Lamport},
  title =        {\LaTeX: A document preparation system},
  publisher =    {Addision-Wesley},
  year =         1986
}

@PhdThesis{sai:16,
  author =       {Sai Praneeth Reddy K},
  title =        {\LaTeX\ class for dissertations submitted to {IIT-D}},
  school =       {Department of Computer Science and Engineering, IIT-Delhi},
  year =         2016,
  address =      {New Delhi -- 110016},
  month =        {July}
}

@InProceedings{viz:mayavi,
  author =       {Prabhu Ramachandran},
  title =        {{MayaVi}: A free tool for {CFD} data visualization},
  booktitle =    {4th Annual CFD Symposium},
  year =         2001,
  month =        {August},
  organization = {Aeronautical Society of India},
  note =         {Software available at: {http://mayavi.sf.net}}
}

@Article{pan:pr:flat-fst,
  author =       {Prabhu Ramachandran and S. C. Rajan and M. Ramakrishna},
  title =        {A fast, two-dimensional panel method},
  journal =      {SIAM Journal on Scientific Computing},
  year =         2003,
  volume =       24,
  number =       6,
  pages =        {1864--1878}
}

@Misc{py:python,
  author =    {Guido van Rossum and others},
  title =     {The {Python} programming language},
  year =         {1991--},
  url = "http://www.python.org/"
}




@inproceedings{sutskever2014sequence,
  title={Sequence to sequence learning with neural networks},
  author={Sutskever, Ilya and Vinyals, Oriol and Le, Quoc V},
  booktitle={Advances in neural information processing systems},
  pages={3104--3112},
  year={2014}
}

@article{li2017end,
  title={End-to-end task-completion neural dialogue systems},
  author={Li, Xuijun and Chen, Yun-Nung and Li, Lihong and Gao, Jianfeng},
  journal={arXiv preprint arXiv:1703.01008},
  year={2017}
}

@inproceedings{henderson2012discriminative,
  title={Discriminative spoken language understanding using word confusion networks},
  author={Henderson, Matthew and Ga{\v{s}}i{\'c}, Milica and Thomson, Blaise and Tsiakoulis, Pirros and Yu, Kai and Young, Steve},
  booktitle={Spoken Language Technology Workshop (SLT), 2012 IEEE},
  pages={176--181},
  year={2012},
  organization={IEEE}
}

@inproceedings{levin1997stochastic,
  title={A stochastic model of computer-human interaction for learning dialogue strategies.},
  author={Levin, Esther and Pieraccini, Roberto},
  booktitle={Eurospeech},
  volume={97},
  pages={1883--1886},
  year={1997}
}

@incollection{young2016evaluation,
  title={Evaluation of statistical POMDP-based dialogue systems in noisy environments},
  author={Young, Steve and Breslin, Catherine and Ga{\v{s}}i{\'c}, Milica and Henderson, Matthew and Kim, Dongho and Szummer, Martin and Thomson, Blaise and Tsiakoulis, Pirros and Hancock, Eli Tzirkel},
  booktitle={Situated Dialog in Speech-Based Human-Computer Interaction},
  pages={3--14},
  year={2016},
  publisher={Springer}
}

@article{young2013pomdp,
  title={Pomdp-based statistical spoken dialog systems: A review},
  author={Young, Steve and Ga{\v{s}}i{\'c}, Milica and Thomson, Blaise and Williams, Jason D},
  journal={Proceedings of the IEEE},
  volume={101},
  number={5},
  pages={1160--1179},
  year={2013},
  publisher={IEEE}
}

@article{jurvcivcek2011natural,
  title={Natural actor and belief critic: Reinforcement algorithm for learning parameters of dialogue systems modelled as POMDPs},
  author={Jur{\v{c}}{\'\i}{\v{c}}ek, Filip and Thomson, Blaise and Young, Steve},
  journal={ACM Transactions on Speech and Language Processing (TSLP)},
  volume={7},
  number={3},
  pages={6},
  year={2011},
  publisher={ACM}
}

@article{williams2007partially,
  title={Partially observable Markov decision processes for spoken dialog systems},
  author={Williams, Jason D and Young, Steve},
  journal={Computer Speech \& Language},
  volume={21},
  number={2},
  pages={393--422},
  year={2007},
  publisher={Elsevier}
}

@inproceedings{WardPhoenix,
 author = {Ward, Wayne},
 title = {The CMU Air Travel Information Service: Understanding Spontaneous Speech},
 booktitle = {Proceedings of the Workshop on Speech and Natural Language},
 series = {HLT '90},
 year = {1990},
 location = {Hidden Valley, Pennsylvania},
 pages = {127--129},
 numpages = {3},
 url = {https://doi.org/10.3115/116580.116621},
 doi = {10.3115/116580.116621},
 acmid = {116621},
 publisher = {Association for Computational Linguistics},
 address = {Stroudsburg, PA, USA}
} 

@inproceedings{raymond2007generative,
  title={Generative and discriminative algorithms for spoken language understanding},
  author={Raymond, Christian and Riccardi, Giuseppe},
  booktitle={Eighth Annual Conference of the International Speech Communication Association},
  year={2007}
}

@inproceedings{wang2006discriminative,
  title={Discriminative models for spoken language understanding.},
  author={Wang, Ye-Yi and Acero, Alex},
  booktitle={Interspeech},
  year={2006}
}

@article{mesnil2015using,
  title={Using recurrent neural networks for slot filling in spoken language understanding},
  author={Mesnil, Gr{\'e}goire and Dauphin, Yann and Yao, Kaisheng and Bengio, Yoshua and Deng, Li and Hakkani-Tur, Dilek and He, Xiaodong and Heck, Larry and Tur, Gokhan and Yu, Dong and others},
  journal={IEEE/ACM Transactions on Audio, Speech and Language Processing (TASLP)},
  volume={23},
  number={3},
  pages={530--539},
  year={2015},
  publisher={IEEE Press}
}

@inproceedings{henderson2014word,
  title={Word-based dialog state tracking with recurrent neural networks},
  author={Henderson, Matthew and Thomson, Blaise and Young, Steve},
  booktitle={Proceedings of the 15th Annual Meeting of the Special Interest Group on Discourse and Dialogue (SIGDIAL)},
  pages={292--299},
  year={2014}
}

@article{wen2016network,
  title={A network-based end-to-end trainable task-oriented dialogue system},
  author={Wen, Tsung-Hsien and Vandyke, David and Mrksic, Nikola and Gasic, Milica and Rojas-Barahona, Lina M and Su, Pei-Hao and Ultes, Stefan and Young, Steve},
  journal={arXiv preprint arXiv:1604.04562},
  year={2016}
}

@article{thomson2010bayesian,
  title={Bayesian update of dialogue state: A POMDP framework for spoken dialogue systems},
  author={Thomson, Blaise and Young, Steve},
  journal={Computer Speech \& Language},
  volume={24},
  number={4},
  pages={562--588},
  year={2010},
  publisher={Elsevier}
}

@inproceedings{stent2004trainable,
  title={Trainable sentence planning for complex information presentation in spoken dialog systems},
  author={Stent, Amanda and Prasad, Rashmi and Walker, Marilyn},
  booktitle={Proceedings of the 42nd annual meeting on association for computational linguistics},
  pages={79},
  year={2004},
  organization={Association for Computational Linguistics}
}

@article{walker2002training,
  title={Training a sentence planner for spoken dialogue using boosting},
  author={Walker, Marilyn A and Rambow, Owen C and Rogati, Monica},
  journal={Computer Speech \& Language},
  volume={16},
  number={3},
  pages={409--433},
  year={2002},
  publisher={Elsevier}
}

@article{wen2015stochastic,
  title={Stochastic language generation in dialogue using recurrent neural networks with convolutional sentence reranking},
  author={Wen, Tsung-Hsien and Gasic, Milica and Kim, Dongho and Mrksic, Nikola and Su, Pei-Hao and Vandyke, David and Young, Steve},
  journal={arXiv preprint arXiv:1508.01755},
  year={2015}
}

@article{wen2015semantically,
  title={Semantically conditioned lstm-based natural language generation for spoken dialogue systems},
  author={Wen, Tsung-Hsien and Gasic, Milica and Mrksic, Nikola and Su, Pei-Hao and Vandyke, David and Young, Steve},
  journal={arXiv preprint arXiv:1508.01745},
  year={2015}
}

@misc{witai,
  title = {Wit.ai},
  howpublished = {\url{https://wit.ai}},
  note = {Accessed: 2017-10-14}
}

@misc{dialogflow,
  title = {Dialogflow},
  howpublished = {\url{https://dialogflow.com}},
  note =  {Accessed: 2017-10-14}
}

@misc{msbot,
  title = {Microsoft Bot Framework},
  howpublished = {\url{https://dev.botframework.com}},
  note = {Accessed: 2017-10-14}
}

@misc{sirikit,
  title = {SiriKit},
  howpublished = {\url{https://developer.apple.com/sirikit/}},
  note = {Accessed: 2017-10-14}
}

@misc{wcs,
  title = {IBM Watson Conversations Service},
  howpublished = {\url{https://console.bluemix.net/docs/services/conversation/index.html}},
  note = {Accessed: 2017-10-14}
}

@misc{convplatcomp,
  title = {Intent Detection Benchmark by Intento},
  howpublished = {\url{https://www.slideshare.net/KonstantinSavenkov/nlu-intent-detection-benchmark-by-intento-august-2017}},
  note = {Accessed: 2017-10-14}
}

@INPROCEEDINGS{1198772,
author={C. Chelba and M. Mahajan and A. Acero},
booktitle={Acoustics, Speech, and Signal Processing, 2003. Proceedings. (ICASSP '03). 2003 IEEE International Conference on},
title={Speech utterance classification},
year={2003},
volume={1},
number={},
pages={I-280-I-283 vol.1},
keywords={Bayes methods;grammars;maximum entropy methods;maximum likelihood estimation;signal classification;speech recognition;ATIS corpus;Naive Bayes classifier;classification accuracy;concurrent speech classification;concurrent speech recognition;conditional maximum likelihood parameter estimation;conditional maximum likelihood techniques;discriminative. training methods;maximum entropy classifier;maximum likelihood parameter estimation;n-gram classifiers;single pass system;speech classification;speech utterance classification;two-stage system;Entropy;Error analysis;Natural languages;Niobium;Routing;Speech recognition;Testing;Text categorization;User interfaces;Vocabulary},
doi={10.1109/ICASSP.2003.1198772},
ISSN={1520-6149},
month={April}}

@inproceedings{raymond2007generative,
  title={Generative and discriminative algorithms for spoken language understanding},
  author={Raymond, Christian and Riccardi, Giuseppe},
  booktitle={Eighth Annual Conference of the International Speech Communication Association},
  year={2007}
}

@inproceedings{atis,
  title={1993 benchmark tests for the ARPA spoken language program},
  author={Pallett, David S and Fiscus, Jonathan G and Fisher, William M and Garofolo, John S and Lund, Bruce A and Przybocki, Mark A},
  booktitle={Proceedings of the workshop on Human Language Technology},
  pages={49--74},
  year={1994},
  organization={Association for Computational Linguistics}
}

@inproceedings{bhargava2013easy,
  title={Easy contextual intent prediction and slot detection},
  author={Bhargava, Aditya and Celikyilmaz, Asli and Hakkani-T{\"u}r, Dilek and Sarikaya, Ruhi},
  booktitle={Acoustics, Speech and Signal Processing (ICASSP), 2013 IEEE International Conference on},
  pages={8337--8341},
  year={2013},
  organization={IEEE}
}

@inproceedings{xu2014contextual,
  title={Contextual domain classification in spoken language understanding systems using recurrent neural network},
  author={Xu, Puyang and Sarikaya, Ruhi},
  booktitle={Acoustics, Speech and Signal Processing (ICASSP), 2014 IEEE International Conference on},
  pages={136--140},
  year={2014},
  organization={IEEE}
}

@INPROCEEDINGS{7078634,
author={D. Guo and G. Tur and W. t. Yih and G. Zweig},
booktitle={2014 IEEE Spoken Language Technology Workshop (SLT)},
title={Joint semantic utterance classification and slot filling with recursive neural networks},
year={2014},
volume={},
number={},
pages={554-559},
keywords={feedforward neural nets;neural nets;recurrent neural nets;speech processing;Microsoft Cortana conversational understanding task;RecNN model;continuous-space word;core spoken language understanding task;discrete syntactic structure;feedforward neural network language model;joint semantic utterance classification;language modeling;language processing task;paraphrase detection;phrase representations;recurrent neural network language model;recursive neural networks;slot filling;spoken dialog system;Joints;Recurrent neural networks;Semantics;Syntactics;Training;Vectors;Dialog Systems;Domain Classification;Intent Determination;Recursive Neural Networks;Slot Filling},
doi={10.1109/SLT.2014.7078634},
ISSN={},
month={Dec}}

@incollection{JORDAN1997471,
title = "Chapter 25 - Serial Order: A Parallel Distributed Processing Approach",
editor = "John W. Donahoe and Vivian Packard Dorsel",
series = "Advances in Psychology",
publisher = "North-Holland",
volume = "121",
number = "Supplement C",
pages = "471 - 495",
year = "1997",
booktitle = "Neural-Network Models of Cognition",
issn = "0166-4115",
doi = "https://doi.org/10.1016/S0166-4115(97)80111-2",
url = "http://www.sciencedirect.com/science/article/pii/S0166411597801112",
author = "Michael I. Jordan"
}

@INPROCEEDINGS{6707709,
author={P. Xu and R. Sarikaya},
booktitle={2013 IEEE Workshop on Automatic Speech Recognition and Understanding},
title={Convolutional neural network based triangular CRF for joint intent detection and slot filling},
year={2013},
volume={},
number={},
pages={78-83},
keywords={natural language processing;neural nets;CNN;SLU;TriCRF;convolutional neural network;joint intent detection;natural language sentence;slot filling component;slot sequence;spoken language understanding;triangular CRF;triangular CRF model;Artificial neural networks;Feature extraction;Joints;Labeling;Standards;Training;Vectors;Joint modeling;convolutional neural network;slot filling;triangular CRF},
doi={10.1109/ASRU.2013.6707709},
ISSN={},
month={Dec}}

@inproceedings{yao2013recurrent,
  title={Recurrent neural networks for language understanding.},
  author={Yao, Kaisheng and Zweig, Geoffrey and Hwang, Mei-Yuh and Shi, Yangyang and Yu, Dong},
  booktitle={Interspeech},
  pages={2524--2528},
  year={2013}
}

@article{mesnil2015using,
  title={Using recurrent neural networks for slot filling in spoken language understanding},
  author={Mesnil, Gr{\'e}goire and Dauphin, Yann and Yao, Kaisheng and Bengio, Yoshua and Deng, Li and Hakkani-Tur, Dilek and He, Xiaodong and Heck, Larry and Tur, Gokhan and Yu, Dong and others},
  journal={IEEE/ACM Transactions on Audio, Speech and Language Processing (TASLP)},
  volume={23},
  number={3},
  pages={530--539},
  year={2015},
  publisher={IEEE Press}
}

@inproceedings{chen2016end,
  title={End-to-End Memory Networks with Knowledge Carryover for Multi-Turn Spoken Language Understanding.},
  author={Chen, Yun-Nung and Hakkani-T{\"u}r, Dilek and T{\"u}r, G{\"o}khan and Gao, Jianfeng and Deng, Li},
  booktitle={INTERSPEECH},
  pages={3245--3249},
  year={2016}
}

@article{bordes2016learning,
  title={Learning end-to-end goal-oriented dialog},
  author={Bordes, Antoine and Weston, Jason},
  journal={arXiv preprint arXiv:1605.07683},
  year={2016}
}

@article{DBLP:journals/corr/SeoHF16,
  author    = {Min Joon Seo and
               Hannaneh Hajishirzi and
               Ali Farhadi},
  title     = {Query-Regression Networks for Machine Comprehension},
  journal   = {CoRR},
  volume    = {abs/1606.04582},
  year      = {2016},
  url       = {http://arxiv.org/abs/1606.04582},
  timestamp = {Wed, 07 Jun 2017 14:40:23 +0200},
  biburl    = {http://dblp.uni-trier.de/rec/bib/journals/corr/SeoHF16},
  bibsource = {dblp computer science bibliography, http://dblp.org}
}

@article{DBLP:journals/corr/PerezL16,
  author    = {Julien Perez and
               Fei Liu},
  title     = {Gated End-to-End Memory Networks},
  journal   = {CoRR},
  volume    = {abs/1610.04211},
  year      = {2016},
  url       = {http://arxiv.org/abs/1610.04211},
  timestamp = {Wed, 07 Jun 2017 14:40:39 +0200},
  biburl    = {http://dblp.uni-trier.de/rec/bib/journals/corr/PerezL16},
  bibsource = {dblp computer science bibliography, http://dblp.org}
}

@article{srivastava2015highway,
  title={Highway networks},
  author={Srivastava, Rupesh Kumar and Greff, Klaus and Schmidhuber, J{\"u}rgen},
  journal={arXiv preprint arXiv:1505.00387},
  year={2015}
}

@article{gu2016incorporating,
  title={Incorporating copying mechanism in sequence-to-sequence learning},
  author={Gu, Jiatao and Lu, Zhengdong and Li, Hang and Li, Victor OK},
  journal={arXiv preprint arXiv:1603.06393},
  year={2016}
}

@article{eric2017copy,
  title={A Copy-Augmented Sequence-to-Sequence Architecture Gives Good Performance on Task-Oriented Dialogue},
  author={Eric, Mihail and Manning, Christopher D},
  journal={arXiv preprint arXiv:1701.04024},
  year={2017}
}

@inproceedings{hcnms,
author = {Williams, Jason and Asadi, Kavosh and Zweig, Geoffrey},
title = {Hybrid Code Networks: Practical and Efficient End-To-End Dialog Control With Supervised and Reinforcement Learning},
booktitle = {Proceedings of 55th Annual Meeting of the Association for Computational Linguistics (ACL 2017)},
year = {2017},
month = {July},
publisher = {Association for Computational Linguistics},
url = {https://www.microsoft.com/en-us/research/publication/hybrid-code-networks-practical-efficient-end-end-dialog-control-supervised-reinforcement-learning-2/}
}

@InProceedings{lewis2017dealornodeal,
  author = 	"Lewis, Mike
		and Yarats, Denis
		and Dauphin, Yann
		and Parikh, Devi
		and Batra, Dhruv",
  title = 	"Deal or No Deal? End-to-End Learning of Negotiation Dialogues",
  booktitle = 	"Proceedings of the 2017 Conference on Empirical Methods in Natural Language Processing",
  year = 	"2017",
  publisher = 	"Association for Computational Linguistics",
  pages = 	"2433--2443",
  location = 	"Copenhagen, Denmark",
  url = 	"http://aclweb.org/anthology/D17-1258"
}

@inproceedings{mscortana,
author = {Liu, Chunxi and Xu, Puyang and Sarikaya, Ruhi},
title = {Deep Contextual Language Understanding in Spoken Dialogue Systems},
booktitle = {},
year = {2015},
month = {September},
publisher = {ISCA - International Speech Communication Association},
}

@article{Weizenbaum:1966,
 author = {Weizenbaum, Joseph},
 title = {ELIZA\&Mdash;a Computer Program for the Study of Natural Language Communication Between Man and Machine},
 journal = {Commun. ACM},
 issue_date = {Jan. 1966},
 volume = {9},
 number = {1},
 month = jan,
 year = {1966},
 issn = {0001-0782},
 pages = {36--45},
 numpages = {10},
 url = {http://doi.acm.org/10.1145/365153.365168},
 doi = {10.1145/365153.365168},
 acmid = {365168},
 publisher = {ACM},
 address = {New York, NY, USA}
} 

@inproceedings{Banchs:2012,
 author = {Banchs, Rafael E. and Li, Haizhou},
 title = {IRIS: A Chat-oriented Dialogue System Based on the Vector Space Model},
 booktitle = {Proceedings of the ACL 2012 System Demonstrations},
 series = {ACL '12},
 year = {2012},
 location = {Jeju Island, Korea},
 pages = {37--42},
 numpages = {6},
 url = {http://dl.acm.org/citation.cfm?id=2390470.2390477},
 acmid = {2390477},
 publisher = {Association for Computational Linguistics},
 address = {Stroudsburg, PA, USA}
} 

@article{lowe2015ubuntu,
  title={The ubuntu dialogue corpus: A large dataset for research in unstructured multi-turn dialogue systems},
  author={Lowe, Ryan and Pow, Nissan and Serban, Iulian and Pineau, Joelle},
  journal={arXiv preprint arXiv:1506.08909},
  year={2015}
}

@article{lowe2017training,
  title={Training end-to-end dialogue systems with the ubuntu dialogue corpus},
  author={Lowe, Ryan Thomas and Pow, Nissan and Serban, Iulian Vlad and Charlin, Laurent and Liu, Chia-Wei and Pineau, Joelle},
  journal={Dialogue \& Discourse},
  volume={8},
  number={1},
  pages={31--65},
  year={2017}
}

@article{elman1990finding,
  title={Finding structure in time},
  author={Elman, Jeffrey L},
  journal={Cognitive science},
  volume={14},
  number={2},
  pages={179--211},
  year={1990},
  publisher={Wiley Online Library}
}

@article{hochreiter1997long,
  title={Long short-term memory},
  author={Hochreiter, Sepp and Schmidhuber, J{\"u}rgen},
  journal={Neural computation},
  volume={9},
  number={8},
  pages={1735--1780},
  year={1997},
  publisher={MIT Press}
}

@inproceedings{smartreply,
title = {Smart Reply: Automated Response Suggestion for Email},
author  = {Anjuli Kannan and Karol Kurach and Sujith Ravi and Tobias Kaufman and Balint Miklos and Greg Corrado and Andrew Tomkins and Laszlo Lukacs and Marina Ganea and Peter Young and Vivek Ramavajjala},
year  = {2016},
URL = {https://arxiv.org/pdf/1606.04870v1.pdf},
booktitle = {Proceedings of the ACM SIGKDD Conference on Knowledge Discovery and Data Mining (KDD) (2016).}
}

@inproceedings{ritter2011data,
  title={Data-driven response generation in social media},
  author={Ritter, Alan and Cherry, Colin and Dolan, William B},
  booktitle={Proceedings of the conference on empirical methods in natural language processing},
  pages={583--593},
  year={2011},
  organization={Association for Computational Linguistics}
}

@article{sordoni2015neural,
  title={A neural network approach to context-sensitive generation of conversational responses},
  author={Sordoni, Alessandro and Galley, Michel and Auli, Michael and Brockett, Chris and Ji, Yangfeng and Mitchell, Margaret and Nie, Jian-Yun and Gao, Jianfeng and Dolan, Bill},
  journal={arXiv preprint arXiv:1506.06714},
  year={2015}
}

@article{shang2015neural,
  title={Neural responding machine for short-text conversation},
  author={Shang, Lifeng and Lu, Zhengdong and Li, Hang},
  journal={arXiv preprint arXiv:1503.02364},
  year={2015}
}

@article{vinyals2015neural,
  title={A neural conversational model},
  author={Vinyals, Oriol and Le, Quoc},
  journal={arXiv preprint arXiv:1506.05869},
  year={2015}
}

@article{cho2014learning,
  title={Learning phrase representations using RNN encoder-decoder for statistical machine translation},
  author={Cho, Kyunghyun and Van Merri{\"e}nboer, Bart and Gulcehre, Caglar and Bahdanau, Dzmitry and Bougares, Fethi and Schwenk, Holger and Bengio, Yoshua},
  journal={arXiv preprint arXiv:1406.1078},
  year={2014}
}

@article{chung2014empirical,
  title={Empirical evaluation of gated recurrent neural networks on sequence modeling},
  author={Chung, Junyoung and Gulcehre, Caglar and Cho, KyungHyun and Bengio, Yoshua},
  journal={arXiv preprint arXiv:1412.3555},
  year={2014}
}

@article{bahdanau2014neural,
  title={Neural machine translation by jointly learning to align and translate},
  author={Bahdanau, Dzmitry and Cho, Kyunghyun and Bengio, Yoshua},
  journal={arXiv preprint arXiv:1409.0473},
  year={2014}
}

@inproceedings{sordoni2015hierarchical,
  title={A hierarchical recurrent encoder-decoder for generative context-aware query suggestion},
  author={Sordoni, Alessandro and Bengio, Yoshua and Vahabi, Hossein and Lioma, Christina and Grue Simonsen, Jakob and Nie, Jian-Yun},
  booktitle={Proceedings of the 24th ACM International on Conference on Information and Knowledge Management},
  pages={553--562},
  year={2015},
  organization={ACM}
}

@article{graves2012sequence,
  title={Sequence transduction with recurrent neural networks},
  author={Graves, Alex},
  journal={arXiv preprint arXiv:1211.3711},
  year={2012}
}

@inproceedings{tiedemann2009news,
  title={News from OPUS-A collection of multilingual parallel corpora with tools and interfaces},
  author={Tiedemann, J{\"o}rg},
  booktitle={Recent advances in natural language processing},
  volume={5},
  pages={237--248},
  year={2009}
}


@inproceedings{serban2016building,
  title={Building End-To-End Dialogue Systems Using Generative Hierarchical Neural Network Models.},
  author={Serban, Iulian Vlad and Sordoni, Alessandro and Bengio, Yoshua and Courville, Aaron C and Pineau, Joelle},
  booktitle={AAAI},
  pages={3776--3784},
  year={2016}
}

@inproceedings{serban2017hierarchical,
  title={A Hierarchical Latent Variable Encoder-Decoder Model for Generating Dialogues.},
  author={Serban, Iulian Vlad and Sordoni, Alessandro and Lowe, Ryan and Charlin, Laurent and Pineau, Joelle and Courville, Aaron C and Bengio, Yoshua},
  booktitle={AAAI},
  pages={3295--3301},
  year={2017}
}

@inproceedings{serban2017multiresolution,
  title={Multiresolution Recurrent Neural Networks: An Application to Dialogue Response Generation.},
  author={Serban, Iulian Vlad and Klinger, Tim and Tesauro, Gerald and Talamadupula, Kartik and Zhou, Bowen and Bengio, Yoshua and Courville, Aaron C},
  booktitle={AAAI},
  pages={3288--3294},
  year={2017}
}

@article{li2016persona,
  title={A persona-based neural conversation model},
  author={Li, Jiwei and Galley, Michel and Brockett, Chris and Spithourakis, Georgios P and Gao, Jianfeng and Dolan, Bill},
  journal={arXiv preprint arXiv:1603.06155},
  year={2016}
}

@article{li2015diversity,
  title={A diversity-promoting objective function for neural conversation models},
  author={Li, Jiwei and Galley, Michel and Brockett, Chris and Gao, Jianfeng and Dolan, Bill},
  journal={arXiv preprint arXiv:1510.03055},
  year={2015}
}

@inproceedings{sukhbaatar2015end,
  title={End-to-end memory networks},
  author={Sukhbaatar, Sainbayar and Weston, Jason and Fergus, Rob and others},
  booktitle={Advances in neural information processing systems},
  pages={2440--2448},
  year={2015}
}

@inproceedings{kumar2016ask,
  title={Ask me anything: Dynamic memory networks for natural language processing},
  author={Kumar, Ankit and Irsoy, Ozan and Ondruska, Peter and Iyyer, Mohit and Bradbury, James and Gulrajani, Ishaan and Zhong, Victor and Paulus, Romain and Socher, Richard},
  booktitle={International Conference on Machine Learning},
  pages={1378--1387},
  year={2016}
}

@inproceedings{xiong2016dynamic,
  title={Dynamic memory networks for visual and textual question answering},
  author={Xiong, Caiming and Merity, Stephen and Socher, Richard},
  booktitle={International Conference on Machine Learning},
  pages={2397--2406},
  year={2016}
}

@article{graves2014neural,
  title={Neural turing machines},
  author={Graves, Alex and Wayne, Greg and Danihelka, Ivo},
  journal={arXiv preprint arXiv:1410.5401},
  year={2014}
}

@article{weston2015towards,
  title={Towards ai-complete question answering: A set of prerequisite toy tasks},
  author={Weston, Jason and Bordes, Antoine and Chopra, Sumit and Rush, Alexander M and van Merri{\"e}nboer, Bart and Joulin, Armand and Mikolov, Tomas},
  journal={arXiv preprint arXiv:1502.05698},
  year={2015}
}

@inproceedings{berant2013semantic,
  title={Semantic Parsing on Freebase from Question-Answer Pairs.},
  author={Berant, Jonathan and Chou, Andrew and Frostig, Roy and Liang, Percy},
  booktitle={EMNLP},
  volume={2},
  number={5},
  pages={6},
  year={2013}
}

@inproceedings{lu2016hierarchical,
  title={Hierarchical question-image co-attention for visual question answering},
  author={Lu, Jiasen and Yang, Jianwei and Batra, Dhruv and Parikh, Devi},
  booktitle={Advances In Neural Information Processing Systems},
  pages={289--297},
  year={2016}
}


@inproceedings{mishra2004wizard,
  title={A wizard of Oz framework for collecting spoken human-computer dialogs},
  author={Mishra, Rohit and Shriberg, Elizabeth and Upson, Sandra and Chen, Joyce and Weng, Fuliang and Peters, Stanley and Cavedon, Lawrence and Niekrasz, John and Cheng, Hua and Bratt, Harry},
  booktitle={Eighth International Conference on Spoken Language Processing},
  year={2004}
}


@article{bordes2014question,
  title={Question answering with subgraph embeddings},
  author={Bordes, Antoine and Chopra, Sumit and Weston, Jason},
  journal={arXiv preprint arXiv:1406.3676},
  year={2014}
}

@article{bordes2015large,
  title={Large-scale simple question answering with memory networks},
  author={Bordes, Antoine and Usunier, Nicolas and Chopra, Sumit and Weston, Jason},
  journal={arXiv preprint arXiv:1506.02075},
  year={2015}
}

@article{dodge2015evaluating,
  title={Evaluating prerequisite qualities for learning end-to-end dialog systems},
  author={Dodge, Jesse and Gane, Andreea and Zhang, Xiang and Bordes, Antoine and Chopra, Sumit and Miller, Alexander and Szlam, Arthur and Weston, Jason},
  journal={arXiv preprint arXiv:1511.06931},
  year={2015}
}

@article{ghazvininejad2017knowledge,
  title={A Knowledge-Grounded Neural Conversation Model},
  author={Ghazvininejad, Marjan and Brockett, Chris and Chang, Ming-Wei and Dolan, Bill and Gao, Jianfeng and Yih, Wen-tau and Galley, Michel},
  journal={arXiv preprint arXiv:1702.01932},
  year={2017}
}

@inproceedings{williams2013dialog,
  title={The dialog state tracking challenge},
  author={Williams, Jason and Raux, Antoine and Ramachandran, Deepak and Black, Alan},
  booktitle={Proceedings of the SIGDIAL 2013 Conference},
  pages={404--413},
  year={2013}
}

@inproceedings{henderson2014third,
  title={The third dialog state tracking challenge},
  author={Henderson, Matthew and Thomson, Blaise and Williams, Jason D},
  booktitle={Spoken Language Technology Workshop (SLT), 2014 IEEE},
  pages={324--329},
  year={2014},
  organization={IEEE}
}


@inproceedings{henderson2014second,
  title={The Second Dialog State Tracking Challenge.},
  author={Henderson, Matthew and Thomson, Blaise and Williams, Jason D},
  booktitle={SIGDIAL Conference},
  pages={263--272},
  year={2014}
}

@incollection{kim2017fourth,
  title={The fourth dialog state tracking challenge},
  author={Kim, Seokhwan and D’Haro, Luis Fernando and Banchs, Rafael E and Williams, Jason D and Henderson, Matthew},
  booktitle={Dialogues with Social Robots},
  pages={435--449},
  year={2017},
  publisher={Springer}
}

@inproceedings{kim2016fifth,
  title={The fifth dialog state tracking challenge},
  author={Kim, Seokhwan and D'Haro, Luis Fernando and Banchs, Rafael E and Williams, Jason D and Henderson, Matthew and Yoshino, Koichiro},
  booktitle={Spoken Language Technology Workshop (SLT), 2016 IEEE},
  pages={511--517},
  year={2016},
  organization={IEEE}
}

@misc{dstc6,
  title = {The sixth dialog state tracking challenge - track 1},
  author={Boureau, Y-Lan and Bordes, Antoine and Perez, Julien},
  howpublished = {\url{http://workshop.colips.org/dstc6/proposals/Goal_Oriented_End_To_End_Dialog-Facebook-XRX.pdf}},
  note =  {Accessed: 2017-10-14}
}

@article{asri2017frames,
  title={Frames: A Corpus for Adding Memory to Goal-Oriented Dialogue Systems},
  author={Asri, Layla El and Schulz, Hannes and Sharma, Shikhar and Zumer, Jeremie and Harris, Justin and Fine, Emery and Mehrotra, Rahul and Suleman, Kaheer},
  journal={arXiv preprint arXiv:1704.00057},
  year={2017}
}

@inproceedings{ritter2010unsupervised,
  title={Unsupervised modeling of twitter conversations},
  author={Ritter, Alan and Cherry, Colin and Dolan, Bill},
  booktitle={Human Language Technologies: The 2010 Annual Conference of the North American Chapter of the Association for Computational Linguistics},
  pages={172--180},
  year={2010},
  organization={Association for Computational Linguistics}
}

@inproceedings{papineni2002bleu,
  title={BLEU: a method for automatic evaluation of machine translation},
  author={Papineni, Kishore and Roukos, Salim and Ward, Todd and Zhu, Wei-Jing},
  booktitle={Proceedings of the 40th annual meeting on association for computational linguistics},
  pages={311--318},
  year={2002},
  organization={Association for Computational Linguistics}
}

@inproceedings{lavie2007meteor,
  title={METEOR: An automatic metric for MT evaluation with high levels of correlation with human judgments},
  author={Lavie, Alon and Agarwal, Abhaya},
  booktitle={Proceedings of the Second Workshop on Statistical Machine Translation},
  pages={228--231},
  year={2007},
  organization={Association for Computational Linguistics}
}

@article{miller1995wordnet,
  title={WordNet: a lexical database for English},
  author={Miller, George A},
  journal={Communications of the ACM},
  volume={38},
  number={11},
  pages={39--41},
  year={1995},
  publisher={ACM}
}

@inproceedings{lin2004rouge,
  title={Rouge: A package for automatic evaluation of summaries},
  author={Lin, Chin-Yew},
  booktitle={Text summarization branches out: Proceedings of the ACL-04 workshop},
  volume={8},
  year={2004},
  organization={Barcelona, Spain}
}

@inproceedings{rus2012comparison,
  title={A comparison of greedy and optimal assessment of natural language student input using word-to-word similarity metrics},
  author={Rus, Vasile and Lintean, Mihai},
  booktitle={Proceedings of the Seventh Workshop on Building Educational Applications Using NLP},
  pages={157--162},
  year={2012},
  organization={Association for Computational Linguistics}
}

@article{foltz1998measurement,
  title={The measurement of textual coherence with latent semantic analysis},
  author={Foltz, Peter W and Kintsch, Walter and Landauer, Thomas K},
  journal={Discourse processes},
  volume={25},
  number={2-3},
  pages={285--307},
  year={1998},
  publisher={Taylor \& Francis}
}

@article{kadlec2015improved,
  title={Improved deep learning baselines for ubuntu corpus dialogs},
  author={Kadlec, Rudolf and Schmid, Martin and Kleindienst, Jan},
  journal={arXiv preprint arXiv:1510.03753},
  year={2015}
}

@inproceedings{lowe2015incorporating,
  title={Incorporating unstructured textual knowledge sources into neural dialogue systems},
  author={Lowe, Ryan and Pow, Nissan and Serban, Iulian and Charlin, Laurent and Pineau, Joelle},
  booktitle={Neural Information Processing Systems Workshop on Machine Learning for Spoken Language Understanding},
  year={2015}
}


@article{liu2016not,
  title={How NOT to evaluate your dialogue system: An empirical study of unsupervised evaluation metrics for dialogue response generation},
  author={Liu, Chia-Wei and Lowe, Ryan and Serban, Iulian V and Noseworthy, Michael and Charlin, Laurent and Pineau, Joelle},
  journal={arXiv preprint arXiv:1603.08023},
  year={2016}
}

@article{lowe2016evaluation,
  title={On the evaluation of dialogue systems with next utterance classification},
  author={Lowe, Ryan and Serban, Iulian V and Noseworthy, Mike and Charlin, Laurent and Pineau, Joelle},
  journal={arXiv preprint arXiv:1605.05414},
  year={2016}
}

@inproceedings{mikolov2013distributed,
  title={Distributed representations of words and phrases and their compositionality},
  author={Mikolov, Tomas and Sutskever, Ilya and Chen, Kai and Corrado, Greg S and Dean, Jeff},
  booktitle={Advances in neural information processing systems},
  pages={3111--3119},
  year={2013}
}

@inproceedings{pennington2014glove,
  title={Glove: Global vectors for word representation},
  author={Pennington, Jeffrey and Socher, Richard and Manning, Christopher},
  booktitle={Proceedings of the 2014 conference on empirical methods in natural language processing (EMNLP)},
  pages={1532--1543},
  year={2014}
}


@inproceedings{wen2017network,
  title={A network-based end-to-end trainable task-oriented dialogue system},
  author={Wen, TH and Vandyke, D and Mrk{\v{s}}{\'\i}c, N and Ga{\v{s}}{\'\i}c, M and Rojas-Barahona, LM and Su, PH and Ultes, S and Young, S},
  booktitle={15th Conference of the European Chapter of the Association for Computational Linguistics, EACL 2017-Proceedings of Conference},
  volume={1},
  pages={438--449},
  year={2017}
}

@inproceedings{williams2017hybrid,
  title={Hybrid Code Networks: practical and efficient end-to-end dialog control with supervised and reinforcement learning},
  author={Williams, Jason D and Asadi, Kavosh and Zweig, Geoffrey},
  booktitle={Proceedings of the 55th Annual Meeting of the Association for Computational Linguistics (Volume 1: Long Papers)},
  volume={1},
  pages={665--677},
  year={2017}
}

@inproceedings{Raux2005LetsGP,
  title={Let's go public! taking a spoken dialog system to the real world},
  author={Antoine Raux and Brian Langner and Dan Bohus and Alan W. Black and Maxine Esk{\'e}nazi},
  booktitle={INTERSPEECH},
  location={Lisbon, Portugal},
  year={2005}
}

@InProceedings{hen2014word,
  author =  "Henderson, Matthew
    and Thomson, Blaise
    and Young, Steve",
  title =   "Word-based dialog state tracking with re- current neural networks",
  booktitle =   "In Proceedings of the 15th Annual Meeting of the Special Interest Group on Discourse and Dialogue (SIGDIAL)",
  year =  "2014",
  pages =   "292--299"
}

@inproceedings{henderson2014second,
  title={The second dialog state tracking challenge},
  author={Henderson, Matthew and Thomson, Blaise and Williams, Jason D},
  booktitle={Proceedings of the 15th Annual Meeting of the Special Interest Group on Discourse and Dialogue (SIGDIAL)},
  pages={263--272},
  year={2014}
}

@inproceedings{kingma2014adam,
  title={Adam: Amethod for stochastic optimization},
  author={Kingma, Diederik P and Ba, Jimmy Lei},
  booktitle={Proc. 3rd Int. Conf. Learn. Representations},
  year={2014}
}

@inproceedings{liu2016not,
  title={How NOT To Evaluate Your Dialogue System: An Empirical Study of Unsupervised Evaluation Metrics for Dialogue Response Generation},
  author={Liu, Chia-Wei and Lowe, Ryan and Serban, Iulian and Noseworthy, Mike and Charlin, Laurent and Pineau, Joelle},
  booktitle={Proceedings of the 2016 Conference on Empirical Methods in Natural Language Processing},
  pages={2122--2132},
  year={2016}
}


@inproceedings{sukhbaatar2015end,
  title={End-to-end memory networks},
  author={Sukhbaatar, Sainbayar and Weston, Jason and Fergus, Rob and others},
  booktitle={Advances in neural information processing systems},
  pages={2440--2448},
  year={2015}
}

@inproceedings{liu2017gated,
  title={Gated end-to-end memory networks},
  author={Liu, Fei and Perez, Julien},
  booktitle={Proceedings of the 15th Conference of the European Chapter of the Association for Computational Linguistics: Volume 1, Long Papers},
  volume={1},
  pages={1--10},
  year={2017}
}

@inproceedings{seo2016query,
  title={Query-reduction networks for question answering},
  author={Seo, Minjoon and Min, Sewon and Farhadi, Ali and Hajishirzi, Hannaneh},
  booktitle={International Conference on Learning Representations},
  year={2017}
}

@inproceedings{kumar2016ask,
  title={Ask me anything: Dynamic memory networks for natural language processing},
  author={Kumar, Ankit and Irsoy, Ozan and Ondruska, Peter and Iyyer, Mohit and Bradbury, James and Gulrajani, Ishaan and Zhong, Victor and Paulus, Romain and Socher, Richard},
  booktitle={International Conference on Machine Learning},
  pages={1378--1387},
  year={2016}
}

@inproceedings{BordesW16,
  author    = {Bordes, Antoine and Weston, Jason},
  title     = {Learning End-to-End Goal-Oriented Dialog},
  booktitle={International Conference on Learning Representations},
  year={2017}
}

@InProceedings{cho2014learning,
  author =  "Cho, Kyunghyun
    and van Merrienboer, Bart
    and Gulcehre, Caglar
    and Bahdanau, Dzmitry
    and Bougares, Fethi
    and Schwenk, Holger
    and Bengio, Yoshua",
  title =   "Learning Phrase Representations using RNN Encoder--Decoder for Statistical Machine Translation",
  booktitle =   "Proceedings of the 2014 Conference on Empirical Methods in Natural      Language Processing (EMNLP)    ",
  year =  "2014",
  publisher =   "Association for Computational Linguistics",
  pages =   "1724--1734",
  location =  "Doha, Qatar"
}

@InProceedings{ptr-unk,
  author =  "Gulcehre, Caglar
    and Ahn, Sungjin
    and Nallapati, Ramesh
    and Zhou, Bowen
    and Bengio, Yoshua",
  title =   "Pointing the Unknown Words",
  booktitle =   "Proceedings of the 54th Annual Meeting of the Association for      Computational Linguistics (Volume 1: Long Papers)    ",
  year =  "2016",
  publisher =   "Association for Computational Linguistics",
  pages =   "140--149",
  location =  "Berlin, Germany",
  doi =   "10.18653/v1/P16-1014",
  url =   "http://www.aclweb.org/anthology/P16-1014"
}



@InProceedings{mem2seq,
  author =  "Madotto, A.
    and Wu, CS.
    and Fung, P.",
  title =   "Mem2Seq: Effectively Incorporating Knowledge Bases into End-to-End Task-Oriented Dialog Systems",
  booktitle =   "Proceedings of 56th Annual Meeting of the Association for Computational Linguistics  ",
  year =  "2018",
  publisher =   "Association for Computational Linguistics",
  location =  "Melbourne, Australia"
}

@InProceedings{li2017end,
  author =  "Li, Xiujun
    and Chen, Yun-Nung
    and Li, Lihong
    and Gao, Jianfeng
    and Celikyilmaz, Asli",
  title =   "End-to-End Task-Completion Neural Dialogue Systems",
  booktitle =   "Proceedings of the Eighth International Joint Conference on Natural Language Processing",
  year =  "2017",
  publisher =   "Asian Federation of Natural Language Processing",
  pages =   "733--743",
  location =  "Taipei, Taiwan"
}

@inproceedings{bahdanau2014neural,
  title={Neural machine translation by jointly learning to align and translate},
  author={Bahdanau, Dzmitry and Cho, Kyunghyun and Bengio, Yoshua},
  booktitle={International Conference on Learning Representations},
  year={2015}
}

@inproceedings{sutskever2014sequence,
  title={Sequence to sequence learning with neural networks},
  author={Sutskever, Ilya and Vinyals, Oriol and Le, Quoc V},
  booktitle={Advances in neural information processing systems},
  pages={3104--3112},
  year={2014}
}

@inproceedings{vinyals2015pointer,
  title={Pointer networks},
  author={Vinyals, Oriol and Fortunato, Meire and Jaitly, Navdeep},
  booktitle={Advances in Neural Information Processing Systems},
  pages={2692--2700},
  year={2015}
}

@InProceedings{see2017get,
  author =  "See, Abigail
    and Liu, Peter J.
    and Manning, Christopher D.",
  title =   "Get To The Point: Summarization with Pointer-Generator Networks",
  booktitle =   "Proceedings of the 55th Annual Meeting of the Association for      Computational Linguistics (Volume 1: Long Papers)    ",
  year =  "2017",
  publisher =   "Association for Computational Linguistics",
  pages =   "1073--1083",
  location =  "Vancouver, Canada"
}

@InProceedings{nallapati2016abstractive,
  author =  "Nallapati, Ramesh
    and Zhou, Bowen
    and dos Santos, Cicero
    and Gulcehre, Caglar
    and Xiang, Bing",
  title =   "Abstractive Text Summarization using Sequence-to-sequence RNNs and Beyond",
  booktitle =   "Proceedings of The 20th SIGNLL Conference on Computational Natural      Language Learning    ",
  year =  "2016",
  publisher =   "Association for Computational Linguistics",
  pages =   "280--290",
  location =  "Berlin, Germany"
}


@inproceedings{yang2016hierarchical,
  title={Hierarchical attention networks for document classification},
  author={Yang, Zichao and Yang, Diyi and Dyer, Chris and He, Xiaodong and Smola, Alex and Hovy, Eduard},
  booktitle={Proceedings of the 2016 Conference of the North American Chapter of the Association for Computational Linguistics: Human Language Technologies},
  pages={1480--1489},
  year={2016}
}

@InProceedings{luong2015effective,
  author =  "Luong, Thang
    and Pham, Hieu
    and Manning, Christopher D.",
  title =   "Effective Approaches to Attention-based Neural Machine Translation",
  booktitle =   "Proceedings of the 2015 Conference on Empirical Methods in Natural      Language Processing    ",
  year =  "2015",
  publisher =   "Association for Computational Linguistics",
  pages =   "1412--1421",
  location =  "Lisbon, Portugal"
}

@inproceedings{wu2017end,
  title={End-to-end recurrent entity network for entity-value independent goal-oriented dialog learning},
  author={Wu, Chien-Sheng and Madotto, Andrea and Winata, G and Fung, Pascale},
  booktitle={Dialog System Technology Challenges Workshop, DSTC6},
  year={2017}
}

@InProceedings{wenEMNLP2016,
    author    = {Wen, Tsung-Hsien  and  Gasic, Milica  and  Mrk\v{s}i\'{c}, Nikola  and  
                Rojas Barahona, Lina M.  and  Su, Pei-Hao  and  Ultes, Stefan  and
                Vandyke, David  and  Young, Steve},
    title     = {Conditional Generation and Snapshot Learning in Neural Dialogue Systems},
    booktitle = {EMNLP},
    month     = {November},
    year      = {2016},
    address   = {Austin, Texas},
    publisher = {ACL},
    pages     = {2153--2162},
    url       = {https://aclweb.org/anthology/D16-1233}
}

@inproceedings{Ericsigdial,
  author    = {Mihail Eric and
               Lakshmi Krishnan and
               Francois Charette and
               Christopher D. Manning},
  title     = {Key-Value Retrieval Networks for Task-Oriented Dialogue},
  booktitle = {Dialog System Technology Challenges,
               Saarbr{\"{u}}cken, Germany, August 15-17, 2017},
  pages     = {37--49},
  year      = {2017}
}

@inproceedings{serban2016building,
  title={Building End-To-End Dialogue Systems Using Generative Hierarchical Neural Network Models.},
  author={Serban, Iulian Vlad and Sordoni, Alessandro and Bengio, Yoshua and Courville, Aaron C and Pineau, Joelle},
  booktitle={AAAI},
  pages={3776--3784},
  year={2016}
}

@article{vinyals2015neural,
  title={A neural conversational model},
  author={Vinyals, Oriol and Le, Quoc},
  journal={Proceedings of the International Conference on Machine Learning, Deep Learning Workshop. },
  year={2015}
}




@InProceedings{Singh_2019_CVPR,
author = {Singh, Amanpreet and Natarajan, Vivek and Shah, Meet and Jiang, Yu and Chen, Xinlei and Batra, Dhruv and Parikh, Devi and Rohrbach, Marcus},
title = {Towards VQA Models That Can Read},
booktitle = {The IEEE Conference on Computer Vision and Pattern Recognition (CVPR)},
month = {June},
year = {2019}
}

@article{ebrahimi2018reasoning,
  title={Reasoning over RDF Knowledge Bases using Deep Learning},
  author={Ebrahimi, Monireh and Sarker, Md Kamruzzaman and Bianchi, Federico and Xie, Ning and Doran, Derek and Hitzler, Pascal},
  journal={arXiv preprint arXiv:1811.04132},
  year={2018}
}

@inproceedings{yavuz2018deepcopy,
  title={DEEPCOPY: Grounded Response Generation with Hierarchical Pointer Networks},
  author={Yavuz, Semih and Rastogi, Abhinav and Chao, Guan-lin and Hakkani-T{\"u}r, Dilek and AI, Amazon Alexa},
  year={2018},
  organization={NIPS}
}

@inproceedings{golchha2019courteously,
  title={Courteously Yours: Inducing courteous behavior in Customer Care responses using Reinforced Pointer Generator Network},
  author={Golchha, Hitesh and Firdaus, Mauajama and Ekbal, Asif and Bhattacharyya, Pushpak},
  booktitle={Proceedings of the 2019 Conference of the North American Chapter of the Association for Computational Linguistics: Human Language Technologies, Volume 1 (Long and Short Papers)},
  pages={851--860},
  year={2019}
}
